<?xml version="1.0" encoding="UTF-8"?><record xmlns="http://www.loc.gov/MARC21/slim" xmlns:cinclude="http://apache.org/cocoon/include/1.0" xmlns:zs="http://www.loc.gov/zing/srw/">
  <leader>00299nz  a2200121n  4500</leader>
  <controlfield tag="001">nr 98011814 </controlfield>
  <controlfield tag="003">DLC</controlfield>
  <controlfield tag="005">19980402053213.9</controlfield>
  <controlfield tag="008">980331n| acannaab|          |n aaa     c</controlfield>
  <datafield tag="010" ind1=" " ind2=" ">
    <subfield code="a">nr 98011814 </subfield>
  </datafield>
  <datafield tag="040" ind1=" " ind2=" ">
    <subfield code="a">CSt</subfield>
    <subfield code="c">CSt</subfield>
  </datafield>
  <datafield tag="100" ind1="1" ind2="0">
    <subfield code="a">Fiedler, Maggi</subfield>
  </datafield>
  <datafield tag="670" ind1=" " ind2=" ">
    <subfield code="a">Corky's pet parade, c1946:</subfield>
    <subfield code="b">t.p. (Maggi Fiedler)</subfield>
  </datafield>
</record>